% BibTeX-Eintrag
@misc{lustigeCitation,
    author = {Kaffeemeister, Abteilungsleiter},
    title = {Die Kunst des Kaffeetrinkens im Büro: Eine humorvolle Analyse},
    year = {2023},
    howpublished = {Unveröffentlichte interne Notiz},
    note = {Zitat: "Kaffee - die einzige Substanz, die uns schneller arbeiten lässt, während wir glauben, langsamer zu sein."}
}